
@article{yanivReceivingOtherPeople2004,
	title = {Receiving other people{\textquoteright}s advice: Influence and benefit},
	author = {Yaniv, Ilan},
	year = {2004},
	month = {01},
	date = {2004-01-01},
	journal = {Organizational Behavior and Human Decision Processes},
	pages = {1--13},
	volume = {93},
	number = {1},
	doi = {10.1016/j.obhdp.2003.08.002},
	url = {https://www.sciencedirect.com/science/article/pii/S0749597803001018},
	langid = {en}
}

@article{mollemanStrategiesIntegratingDisparate,
	title = {Strategies for integrating disparate social information},
	author = {Molleman, Lucas and Tump, Alan N and Gradassi, Andrea and Herzog, Stefan and Jayles, Bertrand and Kurvers, H J M},
	pages = {65},
	langid = {en}
}

@article{bednarikEffectivenessImperfectWeighting2015a,
	title = {The effectiveness of imperfect weighting in advice taking},
	author = {Bednarik, Peter and Schultze, Thomas},
	year = {2015},
	month = {05},
	date = {2015-05},
	journal = {Judgment and Decision Making},
	pages = {265--276},
	volume = {10},
	number = {3},
	doi = {10.1017/S1930297500004666},
	url = {https://www.cambridge.org/core/product/identifier/S1930297500004666/type/journal_article},
	langid = {en}
}

@article{sollStrategiesRevisingJudgment2009,
	title = {Strategies for revising judgment: How (and how well) people use others{\textquoteright} opinions.},
	author = {Soll, Jack B. and Larrick, Richard P.},
	year = {2009},
	date = {2009},
	journal = {Journal of Experimental Psychology: Learning, Memory, and Cognition},
	pages = {780--805},
	volume = {35},
	number = {3},
	doi = {10.1037/a0015145},
	url = {http://doi.apa.org/getdoi.cfm?doi=10.1037/a0015145},
	langid = {en}
}

@article{yanivAdviceTakingDecision2000,
	title = {Advice Taking in Decision Making: Egocentric Discounting and Reputation Formation},
	author = {Yaniv, Ilan and Kleinberger, Eli},
	year = {2000},
	month = {11},
	date = {2000-11},
	journal = {Organizational Behavior and Human Decision Processes},
	pages = {260--281},
	volume = {83},
	number = {2},
	doi = {10.1006/obhd.2000.2909},
	url = {https://linkinghub.elsevier.com/retrieve/pii/S0749597800929091},
	langid = {en}
}

@article{harveyTakingAdviceAccepting1997,
	title = {Taking Advice: Accepting Help, Improving Judgment, and Sharing Responsibility},
	author = {Harvey, Nigel and Fischer, Ilan},
	year = {1997},
	month = {05},
	date = {1997-05},
	journal = {Organizational Behavior and Human Decision Processes},
	pages = {117--133},
	volume = {70},
	number = {2},
	doi = {10.1006/obhd.1997.2697},
	url = {https://linkinghub.elsevier.com/retrieve/pii/S0749597897926972},
	langid = {en}
}

@article{jaylesHowSocialInformation2017a,
	title = {How social information can improve estimation accuracy in human groups},
	author = {Jayles, Bertrand and Kim, Hye-rin and Escobedo, {Ramón} and Cezera, {Stéphane} and Blanchet, Adrien and Kameda, Tatsuya and Sire, {Clément} and Theraulaz, Guy},
	year = {2017},
	month = {11},
	date = {2017-11-21},
	journal = {Proceedings of the National Academy of Sciences},
	pages = {12620--12625},
	volume = {114},
	number = {47},
	doi = {10.1073/pnas.1703695114},
	url = {https://pnas.org/doi/full/10.1073/pnas.1703695114},
	langid = {en}
}

@article{mannesAreWeWise2009,
	title = {Are We Wise About the Wisdom of Crowds? The Use of Group Judgments in Belief Revision},
	author = {Mannes, Albert E.},
	year = {2009},
	month = {08},
	date = {2009-08},
	journal = {Management Science},
	pages = {1267--1279},
	volume = {55},
	number = {8},
	doi = {10.1287/mnsc.1090.1031},
	url = {http://pubsonline.informs.org/doi/abs/10.1287/mnsc.1090.1031},
	langid = {en}
}

@article{yanivSpuriousConsensusOpinion2009,
	title = {Spurious consensus and opinion revision: Why might people be more confident in their less accurate judgments?},
	author = {Yaniv, Ilan and Choshen-Hillel, Shoham and Milyavsky, Maxim},
	year = {2009},
	date = {2009},
	journal = {Journal of Experimental Psychology: Learning, Memory, and Cognition},
	pages = {558--563},
	volume = {35},
	number = {2},
	doi = {10.1037/a0014589},
	url = {http://doi.apa.org/getdoi.cfm?doi=10.1037/a0014589},
	langid = {en}
}

@article{budescuConfidenceAggregationExpert2000,
	title = {Confidence in aggregation of expert opinions},
	author = {Budescu, David V and Rantilla, Adrian K},
	year = {2000},
	month = {06},
	date = {2000-06},
	journal = {Acta Psychologica},
	pages = {371--398},
	volume = {104},
	number = {3},
	doi = {10.1016/S0001-6918(00)00037-8},
	url = {https://linkinghub.elsevier.com/retrieve/pii/S0001691800000378},
	langid = {en}
}

@article{budescuEffectsAsymmetryAdvisors2003,
	title = {The effects of asymmetry among advisors on the aggregation of their opinions},
	author = {Budescu, David V and Rantilla, Adrian K and Yu, Hsiu-Ting and Karelitz, Tzur M},
	year = {2003},
	month = {01},
	date = {2003-01-01},
	journal = {Organizational Behavior and Human Decision Processes},
	pages = {178--194},
	volume = {90},
	number = {1},
	doi = {10.1016/S0749-5978(02)00516-2},
	url = {https://www.sciencedirect.com/science/article/pii/S0749597802005162},
	langid = {en}
}

@article{budescuAggregationOpinionsBased2007,
	title = {Aggregation of opinions based on correlated cues and advisors},
	author = {Budescu, David V and Yu, Hsiu-Ting},
	year = {2007},
	month = {04},
	date = {2007-04},
	journal = {Journal of Behavioral Decision Making},
	pages = {153--177},
	volume = {20},
	number = {2},
	doi = {10.1002/bdm.547},
	url = {https://onlinelibrary.wiley.com/doi/10.1002/bdm.547},
	langid = {en}
}

@article{yanivWeightingTrimmingHeuristics1997,
	title = {Weighting and Trimming: Heuristics for Aggregating Judgments under Uncertainty},
	author = {Yaniv, Ilan},
	year = {1997},
	date = {1997},
	pages = {13},
	langid = {en}
}

@article{harriesCombiningAdviceWeight2004,
	title = {Combining advice: the weight of a dissenting opinion in the consensus},
	author = {Harries, Clare and Yaniv, Ilan and Harvey, Nigel},
	year = {2004},
	month = {12},
	date = {2004-12},
	journal = {Journal of Behavioral Decision Making},
	pages = {333--348},
	volume = {17},
	number = {5},
	doi = {10.1002/bdm.474},
	url = {https://onlinelibrary.wiley.com/doi/10.1002/bdm.474},
	langid = {en}
}

@article{aschStudiesIndependenceConformity1956,
	title = {Studies of independence and conformity: I. A minority of one against a unanimous majority.},
	author = {Asch, Solomon E.},
	year = {1956},
	date = {1956},
	journal = {Psychological Monographs: General and Applied},
	pages = {1--70},
	volume = {70},
	number = {9},
	doi = {10.1037/h0093718},
	url = {http://doi.apa.org/getdoi.cfm?doi=10.1037/h0093718},
	langid = {en}
}

@article{crutchfieldConformityCharacter1955,
	title = {Conformity and character.},
	author = {Crutchfield, Richard S.},
	year = {1955},
	date = {1955},
	journal = {American Psychologist},
	pages = {191--198},
	volume = {10},
	number = {5},
	doi = {10.1037/h0040237},
	url = {http://content.apa.org/journals/amp/10/5/191},
	langid = {en}
}

@article{mercierHowGullibleAre2017,
	title = {How Gullible are We? A Review of the Evidence from Psychology and Social Science},
	author = {Mercier, Hugo},
	year = {2017},
	month = {06},
	date = {2017-06},
	journal = {Review of General Psychology},
	pages = {103--122},
	volume = {21},
	number = {2},
	doi = {10.1037/gpr0000111},
	url = {http://journals.sagepub.com/doi/10.1037/gpr0000111},
	langid = {en}
}

@article{morganEvolutionaryBasisHuman2012,
	title = {The evolutionary basis of human social learning},
	author = {Morgan, Thomas J.H. and Rendell, L. E. and Ehn, M. and Hoppitt, W. and Laland, K. N.},
	year = {2012},
	month = {02},
	date = {2012-02-22},
	journal = {Proceedings of the Royal Society B: Biological Sciences},
	pages = {653--662},
	volume = {279},
	number = {1729},
	doi = {10.1098/rspb.2011.1172},
	url = {https://royalsocietypublishing.org/doi/10.1098/rspb.2011.1172},
	langid = {en}
}

@article{fusaroChildrenAssessInformant2008,
	title = {Children assess informant reliability using bystanders{\textquoteright} non-verbal cues},
	author = {Fusaro, Maria and Harris, Paul L.},
	year = {2008},
	date = {2008},
	journal = {Developmental Science},
	pages = {771--777},
	volume = {11},
	number = {5},
	doi = {10.1111/j.1467-7687.2008.00728.x},
	url = {https://onlinelibrary.wiley.com/doi/abs/10.1111/j.1467-7687.2008.00728.x},
	note = {{\_}eprint: https://onlinelibrary.wiley.com/doi/pdf/10.1111/j.1467-7687.2008.00728.x},
	langid = {en}
}

@article{corriveauGoingFlowPreschoolers2009,
	title = {Going With the Flow: Preschoolers Prefer Nondissenters as Informants},
	author = {Corriveau, Kathleen H. and Fusaro, Maria and Harris, Paul L.},
	year = {2009},
	month = {03},
	date = {2009-03},
	journal = {Psychological Science},
	pages = {372--377},
	volume = {20},
	number = {3},
	doi = {10.1111/j.1467-9280.2009.02291.x},
	url = {http://journals.sagepub.com/doi/10.1111/j.1467-9280.2009.02291.x},
	langid = {en}
}

@article{bernardChildrenWeighNumber2015a,
	title = {Children weigh the number of informants and perceptual uncertainty when identifying objects},
	author = {Bernard, {Stéphane} and Harris, Paul and Terrier, Nathalie and {Clément}, Fabrice},
	year = {2015},
	month = {08},
	date = {2015-08},
	journal = {Journal of Experimental Child Psychology},
	pages = {70--81},
	volume = {136},
	doi = {10.1016/j.jecp.2015.03.009},
	url = {https://linkinghub.elsevier.com/retrieve/pii/S0022096515000697},
	langid = {en}
}

@article{bernardFourSixYearOldChildren2015,
	title = {Four- to Six-Year-Old Children's Sensitivity to Reliability Versus Consensus in the Endorsement of Object Labels},
	author = {Bernard, {Stéphane} and Proust, {Joëlle} and {Clément}, Fabrice},
	year = {2015},
	date = {2015},
	journal = {Child Development},
	pages = {1112--1124},
	volume = {86},
	number = {4},
	doi = {10.1111/cdev.12366},
	url = {https://onlinelibrary.wiley.com/doi/abs/10.1111/cdev.12366},
	note = {{\_}eprint: https://onlinelibrary.wiley.com/doi/pdf/10.1111/cdev.12366},
	langid = {en}
}

@article{chenChildrenTrustConsensus2013,
	title = {Children Trust a Consensus Composed of Outgroup Members-But Do Not Retain That Trust},
	author = {Chen, Eva E. and Corriveau, Kathleen H. and Harris, Paul L.},
	year = {2013},
	month = {01},
	date = {2013-01},
	journal = {Child Development},
	pages = {269--282},
	volume = {84},
	number = {1},
	doi = {10.1111/j.1467-8624.2012.01850.x},
	url = {https://onlinelibrary.wiley.com/doi/10.1111/j.1467-8624.2012.01850.x},
	langid = {en}
}

@article{vanleeuwenConformityItsLookalikes2015,
	title = {Conformity and its look-a-likes},
	author = {van Leeuwen, Edwin J.C. and Kendal, Rachel L. and Tennie, Claudio and Haun, Daniel B.M.},
	year = {2015},
	month = {12},
	date = {2015-12},
	journal = {Animal Behaviour},
	pages = {e1--e4},
	volume = {110},
	doi = {10.1016/j.anbehav.2015.07.030},
	url = {https://linkinghub.elsevier.com/retrieve/pii/S0003347215002808},
	langid = {en}
}

@article{mercierMajorityRulesHow2019,
	title = {Majority rules: how good are we at aggregating convergent opinions?},
	author = {Mercier, Hugo and Morin, Olivier},
	year = {2019},
	date = {2019},
	journal = {Evolutionary Human Sciences},
	pages = {e6},
	volume = {1},
	doi = {10.1017/ehs.2019.6},
	url = {https://www.cambridge.org/core/product/identifier/S2513843X19000069/type/journal_article},
	langid = {en}
}

@article{haunMajorityBiasedTransmissionChimpanzees2012,
	title = {Majority-Biased Transmission in Chimpanzees and Human Children, but Not Orangutans},
	author = {Haun, {Daniel B.M.} and Rekers, Yvonne and Tomasello, Michael},
	year = {2012},
	month = {04},
	date = {2012-04},
	journal = {Current Biology},
	pages = {727--731},
	volume = {22},
	number = {8},
	doi = {10.1016/j.cub.2012.03.006},
	url = {https://linkinghub.elsevier.com/retrieve/pii/S0960982212002631},
	langid = {en}
}

@article{morganDevelopmentAdaptiveConformity2015,
	title = {The development of adaptive conformity in young children: effects of uncertainty and consensus},
	author = {Morgan, Thomas J.H. and Laland, Kevin N. and Harris, Paul L.},
	year = {2015},
	month = {07},
	date = {2015-07},
	journal = {Developmental Science},
	pages = {511--524},
	volume = {18},
	number = {4},
	doi = {10.1111/desc.12231},
	url = {https://onlinelibrary.wiley.com/doi/10.1111/desc.12231},
	langid = {en}
}

@article{herrmannStickScriptEffect2013,
	title = {Stick to the script: The effect of witnessing multiple actors on children{\textquoteright}s imitation},
	author = {Herrmann, Patricia A. and Legare, Cristine H. and Harris, Paul L. and Whitehouse, Harvey},
	year = {2013},
	month = {12},
	date = {2013-12},
	journal = {Cognition},
	pages = {536--543},
	volume = {129},
	number = {3},
	doi = {10.1016/j.cognition.2013.08.010},
	url = {https://linkinghub.elsevier.com/retrieve/pii/S0010027713001674},
	langid = {en}
}

@article{vanleeuwenDevelopmentHumanSocial2018,
	title = {The development of human social learning across seven societies},
	author = {van Leeuwen, Edwin J. C. and Cohen, Emma and Collier-Baker, Emma and Rapold, Christian J. and {Schäfer}, Marie and {Schütte}, Sebastian and Haun, Daniel B. M.},
	year = {2018},
	month = {12},
	date = {2018-12},
	journal = {Nature Communications},
	pages = {2076},
	volume = {9},
	number = {1},
	doi = {10.1038/s41467-018-04468-2},
	url = {http://www.nature.com/articles/s41467-018-04468-2},
	langid = {en}
}

@article{mollemanStrategiesIntegratingDisparate2020,
	title = {Strategies for integrating disparate social information},
	author = {Molleman, Lucas and Tump, Alan N. and Gradassi, Andrea and Herzog, Stefan and Jayles, Bertrand and Kurvers, Ralf H. J. M. and van den Bos, Wouter},
	year = {2020},
	month = {11},
	date = {2020-11-25},
	journal = {Proceedings of the Royal Society B: Biological Sciences},
	pages = {20202413},
	volume = {287},
	number = {1939},
	doi = {10.1098/rspb.2020.2413},
	url = {https://royalsocietypublishing.org/doi/10.1098/rspb.2020.2413},
	note = {Publisher: Royal Society}
}

@article{mannesWisdomSelectCrowds2014,
	title = {The wisdom of select crowds.},
	author = {Mannes, Albert E. and Soll, Jack B. and Larrick, Richard P.},
	year = {2014},
	date = {2014},
	journal = {Journal of personality and social psychology},
	pages = {276},
	volume = {107},
	number = {2},
	note = {ISBN: 1939-1315
Publisher: American Psychological Association}
}

@article{galtonVoxPopuli1907,
	title = {Vox Populi},
	author = {Galton, Francis},
	year = {1907},
	month = {03},
	date = {1907-03},
	journal = {Nature},
	pages = {450--451},
	volume = {75},
	number = {1949},
	doi = {10.1038/075450a0},
	url = {https://www.nature.com/articles/075450a0},
	langid = {en}
}

@article{yanivBenefitAdditionalOpinions2004,
	title = {The benefit of additional opinions},
	author = {Yaniv, Ilan},
	year = {2004},
	date = {2004},
	journal = {Current directions in psychological science},
	pages = {75--78},
	volume = {13},
	number = {2},
	note = {ISBN: 0963-7214
Publisher: SAGE Publications Sage CA: Los Angeles, CA}
}

@article{larrickIntuitionsCombiningOpinions2006,
	title = {Intuitions About Combining Opinions: Misappreciation of the Averaging Principle},
	author = {Larrick, Richard P. and Soll, Jack B.},
	year = {2006},
	month = {01},
	date = {2006-01},
	journal = {Management Science},
	pages = {111--127},
	volume = {52},
	number = {1},
	doi = {10.1287/mnsc.1050.0459},
	url = {http://pubsonline.informs.org/doi/abs/10.1287/mnsc.1050.0459},
	langid = {en}
}

@book{surowieckiWisdomCrowds2005,
	title = {The wisdom of crowds},
	author = {Surowiecki, James},
	year = {2005},
	date = {2005},
	publisher = {Anchor}
}

@book{decondorcetEssaiApplicationAnalyse2014,
	title = {Essai sur l'application de l'analyse à la probabilité des décisions rendues à la pluralité des voix},
	author = {De Condorcet, Nicolas},
	year = {2014},
	date = {2014},
	publisher = {Cambridge University Press}
}

@article{romeijnLearningJurorCompetence2011,
	title = {Learning juror competence: a generalized Condorcet Jury Theorem},
	author = {Romeijn, Jan-Willem and Atkinson, David},
	year = {2011},
	month = {08},
	date = {2011-08},
	journal = {Politics, Philosophy & Economics},
	pages = {237--262},
	volume = {10},
	number = {3},
	doi = {10.1177/1470594X10372317},
	url = {http://journals.sagepub.com/doi/10.1177/1470594X10372317},
	langid = {en}
}

@article{ladhaCondorcetJuryTheorem1992,
	title = {The Condorcet Jury Theorem, Free Speech, and Correlated Votes},
	author = {Ladha, Krishna K.},
	year = {1992},
	month = {08},
	date = {1992-08},
	journal = {American Journal of Political Science},
	pages = {617},
	volume = {36},
	number = {3},
	doi = {10.2307/2111584},
	url = {https://www.jstor.org/stable/2111584?origin=crossref},
	langid = {en}
}

@article{austen-smithInformationAggregationRationality1996,
	title = {Information Aggregation, Rationality, and the Condorcet Jury Theorem},
	author = {Austen-Smith, David and Banks, Jeffrey S.},
	year = {1996},
	date = {1996},
	journal = {The American Political Science Review},
	pages = {34--45},
	volume = {90},
	number = {1},
	url = {http://www.jstor.org/stable/2082796},
	langid = {en}
}

@article{dietrichEpistemicDemocracyDefensible2013,
	title = {Epistemic Democracy with Defensible Premises},
	author = {Dietrich, Franz and Spiekermann, Kai},
	year = {2013},
	month = {03},
	date = {2013-03},
	journal = {Economics and Philosophy},
	pages = {87--120},
	volume = {29},
	number = {1},
	doi = {10.1017/S0266267113000096},
	url = {https://www.cambridge.org/core/product/identifier/S0266267113000096/type/journal_article},
	langid = {en}
}

@article{harkinsInformationUtilityMultiple1987,
	title = {Information utility and the multiple source effect.},
	author = {Harkins, Stephen G. and Petty, Richard E.},
	year = {1987},
	date = {1987},
	journal = {Journal of personality and social psychology},
	pages = {260},
	volume = {52},
	number = {2},
	note = {ISBN: 1939-1315
Publisher: American Psychological Association}
}

@article{lopesSocialValidationEveryday2007,
	title = {Social validation of everyday knowledge: Heterogeneity and consensus functionality.},
	author = {Lopes, Diniz and Vala, Jorge and Garcia-Marques, Leonel},
	year = {2007},
	month = {09},
	date = {2007-09},
	journal = {Group Dynamics: Theory, Research, and Practice},
	pages = {223--239},
	volume = {11},
	number = {3},
	doi = {10.1037/1089-2699.11.3.223},
	url = {http://doi.apa.org/getdoi.cfm?doi=10.1037/1089-2699.11.3.223},
	langid = {en}
}

@article{hessPsychologicalAdaptationsAssessing2006,
	title = {Psychological adaptations for assessing gossip veracity},
	author = {Hess, Nicole H. and Hagen, Edward H.},
	year = {2006},
	month = {09},
	date = {2006-09},
	journal = {Human Nature},
	pages = {337--354},
	volume = {17},
	number = {3},
	doi = {10.1007/s12110-006-1013-z},
	url = {http://link.springer.com/10.1007/s12110-006-1013-z},
	langid = {en}
}

@article{einavThinkingThemselvesEffect2018,
	title = {Thinking for themselves? The effect of informant independence on children's endorsement of testimony from a consensus},
	author = {Einav, Shiri},
	year = {2018},
	month = {02},
	date = {2018-02},
	journal = {Social Development},
	pages = {73--86},
	volume = {27},
	number = {1},
	doi = {10.1111/sode.12264},
	url = {https://onlinelibrary.wiley.com/doi/10.1111/sode.12264},
	langid = {en}
}

@article{mercierArgumentativeTheoryPredictions2016a,
	title = {The Argumentative Theory: Predictions and Empirical Evidence},
	author = {Mercier, Hugo},
	year = {2016},
	month = {09},
	date = {2016-09},
	journal = {Trends in Cognitive Sciences},
	pages = {689--700},
	volume = {20},
	number = {9},
	doi = {10.1016/j.tics.2016.07.001},
	url = {https://linkinghub.elsevier.com/retrieve/pii/S1364661316300973},
	langid = {en}
}

@article{mercierDoesDiscussionMake2022,
	title = {Does discussion make crowds any wiser?},
	author = {Mercier, Hugo and {Claidière}, Nicolas},
	year = {2022},
	month = {05},
	date = {2022-05},
	journal = {Cognition},
	pages = {104912},
	volume = {222},
	doi = {10.1016/j.cognition.2021.104912},
	url = {https://linkinghub.elsevier.com/retrieve/pii/S0010027721003358},
	langid = {en}
}

@article{deryuginaEffectInformationProvision2016,
	title = {The Effect of Information Provision on Public Consensus about Climate Change},
	author = {Deryugina, Tatyana and Shurchkov, Olga},
	year = {2016},
	month = {04},
	date = {2016-04-11},
	journal = {PLOS ONE},
	pages = {e0151469},
	volume = {11},
	number = {4},
	doi = {10.1371/journal.pone.0151469},
	url = {https://journals.plos.org/plosone/article?id=10.1371/journal.pone.0151469},
	note = {Publisher: Public Library of Science},
	langid = {en}
}

@article{dixonApplyingGatewayBelief2016,
	title = {Applying the Gateway Belief Model to Genetically Modified Food Perceptions: New Insights and Additional Questions},
	author = {Dixon, Graham},
	year = {2016},
	date = {2016},
	journal = {Journal of Communication},
	pages = {888--908},
	volume = {66},
	number = {6},
	doi = {10.1111/jcom.12260},
	url = {https://onlinelibrary.wiley.com/doi/abs/10.1111/jcom.12260},
	note = {{\_}eprint: https://onlinelibrary.wiley.com/doi/pdf/10.1111/jcom.12260},
	langid = {en}
}

@article{kerrChangesPerceivedScientific2018,
	title = {Changes in perceived scientific consensus shift beliefs about climate change and GM food safety},
	author = {Kerr, John R. and Wilson, Marc Stewart},
	year = {2018},
	month = {07},
	date = {2018-07-06},
	journal = {PLOS ONE},
	pages = {e0200295},
	volume = {13},
	number = {7},
	doi = {10.1371/journal.pone.0200295},
	url = {https://journals.plos.org/plosone/article?id=10.1371/journal.pone.0200295},
	note = {Publisher: Public Library of Science},
	langid = {en}
}

@article{lewandowskyPivotalRolePerceived2013,
	title = {The pivotal role of perceived scientific consensus in acceptance of science},
	author = {Lewandowsky, Stephan and Gignac, Gilles E. and Vaughan, Samuel},
	year = {2013},
	month = {04},
	date = {2013-04},
	journal = {Nature Climate Change},
	pages = {399--404},
	volume = {3},
	number = {4},
	doi = {10.1038/nclimate1720},
	url = {https://www.nature.com/articles/nclimate1720},
	langid = {en}
}

@article{vanderlindenHighlightingConsensusMedical2015a,
	title = {Highlighting consensus among medical scientists increases public support for vaccines: evidence from a randomized experiment},
	author = {van der Linden, Sander L. and Clarke, Chris E. and Maibach, Edward W.},
	year = {2015},
	month = {12},
	date = {2015-12-03},
	journal = {BMC Public Health},
	pages = {1207},
	volume = {15},
	number = {1},
	doi = {10.1186/s12889-015-2541-4},
	url = {https://doi.org/10.1186/s12889-015-2541-4}
}

@article{vanderlindenScientificConsensusClimate2015,
	title = {The Scientific Consensus on Climate Change as a Gateway Belief: Experimental Evidence},
	author = {van der Linden, Sander L. and Leiserowitz, Anthony A. and Feinberg, Geoffrey D. and Maibach, Edward W.},
	editor = {Ebi, Kristie L},
	year = {2015},
	month = {02},
	date = {2015-02-25},
	journal = {PLOS ONE},
	pages = {e0118489},
	volume = {10},
	number = {2},
	doi = {10.1371/journal.pone.0118489},
	url = {https://dx.plos.org/10.1371/journal.pone.0118489},
	langid = {en}
}

@article{vanderlindenHowCommunicateScientific2014,
	title = {How to communicate the scientific consensus on climate change: plain facts, pie charts or metaphors?},
	author = {van der Linden, Sander L. and Leiserowitz, Anthony A. and Feinberg, Geoffrey D. and Maibach, Edward W.},
	year = {2014},
	month = {09},
	date = {2014-09-01},
	journal = {Climatic Change},
	pages = {255--262},
	volume = {126},
	number = {1},
	doi = {10.1007/s10584-014-1190-4},
	url = {https://doi.org/10.1007/s10584-014-1190-4},
	langid = {en}
}

@article{dixonImprovingClimateChange2017,
	title = {Improving Climate Change Acceptance Among U.S. Conservatives Through Value-Based Message Targeting},
	author = {Dixon, Graham and Hmielowski, Jay and Ma, Yanni},
	year = {2017},
	month = {08},
	date = {2017-08},
	journal = {Science Communication},
	pages = {520--534},
	volume = {39},
	number = {4},
	doi = {10.1177/1075547017715473},
	url = {http://journals.sagepub.com/doi/10.1177/1075547017715473},
	langid = {en}
}

@article{landrumExaminingImpactExpert2019,
	title = {Examining the Impact of Expert Voices: Communicating the Scientific Consensus on Genetically-modified Organisms},
	author = {Landrum, Asheley R. and Hallman, William K. and Jamieson, Kathleen Hall},
	year = {2019},
	month = {01},
	date = {2019-01-02},
	journal = {Environmental Communication},
	pages = {51--70},
	volume = {13},
	number = {1},
	doi = {10.1080/17524032.2018.1502201},
	url = {https://doi.org/10.1080/17524032.2018.1502201},
	note = {Publisher: Routledge
{\_}eprint: https://doi.org/10.1080/17524032.2018.1502201}
}

@article{coppockGeneralizingSurveyExperiments2019,
	title = {Generalizing from Survey Experiments Conducted on Mechanical Turk: A Replication Approach},
	author = {Coppock, Alexander},
	year = {2019},
	month = {07},
	date = {2019-07},
	journal = {Political Science Research and Methods},
	pages = {613--628},
	volume = {7},
	number = {3},
	doi = {10.1017/psrm.2018.10},
	url = {https://www.cambridge.org/core/journals/political-science-research-and-methods/article/generalizing-from-survey-experiments-conducted-on-mechanical-turk-a-replication-approach/7A0A1B2F63320A832C17CE1A8908F137},
	note = {Publisher: Cambridge University Press},
	langid = {en}
}

@article{vanstekelenburgScientificConsensusCommunicationContested2022,
	title = {Scientific-Consensus Communication About Contested Science: A Preregistered Meta-Analysis},
	author = {Van Stekelenburg, Aart and Schaap, Gabi and Veling, Harm and {Van {\textquoteright}T Riet}, Jonathan and Buijzen, Moniek},
	year = {2022},
	month = {12},
	date = {2022-12},
	journal = {Psychological Science},
	pages = {1989--2008},
	volume = {33},
	number = {12},
	doi = {10.1177/09567976221083219},
	url = {http://journals.sagepub.com/doi/10.1177/09567976221083219},
	langid = {en}
}

@article{hastieRobustBeautyMajority2005,
	title = {The Robust Beauty of Majority Rules in Group Decisions.},
	author = {Hastie, Reid and Kameda, Tatsuya},
	year = {2005},
	date = {2005},
	journal = {Psychological Review},
	pages = {494--508},
	volume = {112},
	number = {2},
	doi = {10.1037/0033-295X.112.2.494},
	url = {http://doi.apa.org/getdoi.cfm?doi=10.1037/0033-295X.112.2.494},
	langid = {en}
}

@article{colognaTrustScientistsTheir2024,
	title = {Trust in scientists and their role in society across 67 countries},
	author = {Cologna, Viktoria and Mede, Niels G. and Berger, Sebastian and Besley, John and Brick, Cameron and Joubert, Marina and Maibach, Edward and Mihelj, Sabina and Oreskes, Naomi and {Schäfer}, Mike S. and Linden, Dr Sander van der},
	year = {2024},
	month = {02},
	date = {2024-02-06},
	doi = {10.31219/osf.io/6ay7s},
	url = {https://osf.io/6ay7s},
	note = {Publisher: OSF},
	langid = {en-us}
}

@article{nguyenCognitiveIslandsRunaway2020,
	title = {Cognitive islands and runaway echo chambers: problems for epistemic dependence on experts},
	author = {Nguyen, C. Thi},
	year = {2020},
	month = {07},
	date = {2020-07},
	journal = {Synthese},
	pages = {2803--2821},
	volume = {197},
	number = {7},
	doi = {10.1007/s11229-018-1692-0},
	url = {http://link.springer.com/10.1007/s11229-018-1692-0},
	langid = {en}
}

@article{hahnHowGoodYour2018,
	title = {How Good Is Your Evidence and How Would You Know?},
	author = {Hahn, Ulrike and Merdes, Christoph and von Sydow, Momme},
	year = {2018},
	date = {2018},
	journal = {Topics in Cognitive Science},
	pages = {660--678},
	volume = {10},
	number = {4},
	doi = {10.1111/tops.12374},
	url = {https://onlinelibrary.wiley.com/doi/abs/10.1111/tops.12374},
	note = {{\_}eprint: https://onlinelibrary.wiley.com/doi/pdf/10.1111/tops.12374},
	langid = {en}
}

@article{kammerSystematicReviewEmpirical2023,
	title = {A systematic review of empirical studies on advice-based decisions in behavioral and organizational research.},
	author = {{Kämmer}, Juliane E. and Choshen-Hillel, Shoham and {Müller-Trede}, Johannes and Black, Stephanie L. and Weibler, {Jürgen}},
	year = {2023},
	month = {04},
	date = {2023-04},
	journal = {Decision},
	pages = {107--137},
	volume = {10},
	number = {2},
	doi = {10.1037/dec0000199},
	url = {https://doi.apa.org/doi/10.1037/dec0000199},
	langid = {en}
}

@book{smithAnimalSignals2003,
	title = {Animal signals},
	author = {Smith, John Maynard and Harper, David},
	year = {2003},
	date = {2003},
	publisher = {Oxford University Press}
}

@book{mercierNotBornYesterday2020,
	title = {Not born yesterday: the science of who we trust and what we believe},
	author = {Mercier, Hugo},
	year = {2020},
	date = {2020},
	url = {https://doi.org/10.1515/9780691198842},
	note = {OCLC: 1130906184},
	langid = {en}
}

@article{mercierUtilizingSimpleCues2019,
	title = {Utilizing simple cues to informational dependency},
	author = {Mercier, Hugo and Miton, Helena},
	year = {2019},
	month = {05},
	date = {2019-05},
	journal = {Evolution and Human Behavior},
	pages = {301--314},
	volume = {40},
	number = {3},
	doi = {10.1016/j.evolhumbehav.2019.01.001},
	url = {https://linkinghub.elsevier.com/retrieve/pii/S1090513818303581},
	langid = {en}
}

@article{sperberEpistemicVigilance2010,
	title = {Epistemic vigilance},
	author = {Sperber, Dan and {Clément}, Fabrice and Heintz, Christophe and Mascaro, Olivier and Mercier, Hugo and Origgi, Gloria and Wilson, Deirdre},
	year = {2010},
	date = {2010},
	journal = {Mind & language},
	pages = {359--393},
	volume = {25},
	number = {4},
	note = {ISBN: 0268-1064
Publisher: Wiley Online Library}
}

@article{yousifIllusionConsensusFailure2019,
	title = {The Illusion of Consensus: A Failure to Distinguish Between True and False Consensus},
	author = {Yousif, Sami R. and Aboody, Rosie and Keil, Frank C.},
	year = {2019},
	month = {08},
	date = {2019-08},
	journal = {Psychological Science},
	pages = {1195--1204},
	volume = {30},
	number = {8},
	doi = {10.1177/0956797619856844},
	url = {http://journals.sagepub.com/doi/10.1177/0956797619856844},
	langid = {en}
}

@article{pillowEarlyUnderstandingPerception1989,
	title = {Early understanding of perception as a source of knowledge},
	author = {Pillow, Bradford H},
	year = {1989},
	month = {02},
	date = {1989-02},
	journal = {Journal of Experimental Child Psychology},
	pages = {116--129},
	volume = {47},
	number = {1},
	doi = {10.1016/0022-0965(89)90066-0},
	url = {https://linkinghub.elsevier.com/retrieve/pii/0022096589900660},
	langid = {en}
}

@article{richardsonThinkingTakesTime2022,
	title = {Thinking takes time: Children use agents' response times to infer the source, quality, and complexity of their knowledge},
	author = {Richardson, Emory and Keil, Frank C.},
	year = {2022},
	month = {07},
	date = {2022-07},
	journal = {Cognition},
	pages = {105073},
	volume = {224},
	doi = {10.1016/j.cognition.2022.105073},
	url = {https://linkinghub.elsevier.com/retrieve/pii/S0010027722000610},
	langid = {en}
}

@article{koenigTrustTestimonyChildren2004,
	title = {Trust in Testimony: Children's Use of True and False Statements},
	author = {Koenig, Melissa A. and {Clément}, Fabrice and Harris, Paul L.},
	year = {2004},
	month = {10},
	date = {2004-10},
	journal = {Psychological Science},
	pages = {694--698},
	volume = {15},
	number = {10},
	doi = {10.1111/j.0956-7976.2004.00742.x},
	url = {http://journals.sagepub.com/doi/10.1111/j.0956-7976.2004.00742.x},
	langid = {en}
}




@article{dubourgPeopleUseNested2024,
	title = {People use the nested structure of knowledge to infer what others know.},
	author = {Dubourg, E. and Dheilly, T. and Mercier, H. and Morin, O.}
}

@article{desaiGettingSourceIllusion2022,
	title = {Getting to the source of the illusion of consensus},
	author = {Desai, Saoirse Connor and Xie, Belinda and Hayes, Brett K.},
	year = {2022},
	month = {06},
	date = {2022-06},
	journal = {Cognition},
	pages = {105023},
	volume = {223},
	doi = {10.1016/j.cognition.2022.105023},
	url = {https://linkinghub.elsevier.com/retrieve/pii/S0010027722000117},
	langid = {en}
}

@article{xieSensitivityEvidentialDependencies2022,
	title = {Sensitivity to Evidential Dependencies in Judgments Under Uncertainty},
	author = {Xie, Belinda and Hayes, Brett},
	year = {2022},
	month = {05},
	date = {2022-05},
	journal = {Cognitive Science},
	volume = {46},
	number = {5},
	doi = {10.1111/cogs.13144},
	url = {https://onlinelibrary.wiley.com/doi/10.1111/cogs.13144},
	langid = {en}
}

@article{yinSmartlyFollowingOthers2024,
	title = {Smartly following others: Majority influence depends on how the majority behavior is formed},
	author = {Yin, Jun and Xu, Zikai and Lin, Jing and Zhou, Wenying and Guo, Xiuyan},
	year = {2024},
	month = {11},
	date = {2024-11},
	journal = {Journal of Experimental Social Psychology},
	pages = {104644},
	volume = {115},
	doi = {10.1016/j.jesp.2024.104644},
	url = {https://linkinghub.elsevier.com/retrieve/pii/S002210312400057X},
	langid = {en}
}

@article{dietrichDeliberationWisdomCrowds2024,
	title = {Deliberation and the wisdom of crowds},
	author = {Dietrich, Franz and Spiekermann, Kai},
	year = {2024},
	month = {07},
	date = {2024-07-24},
	journal = {Economic Theory},
	doi = {10.1007/s00199-024-01595-4},
	url = {https://link.springer.com/10.1007/s00199-024-01595-4},
	langid = {en}
}

@book{collinsSociologyPhilosophiesGlobal2002,
	title = {The sociology of philosophies: a global theory of intellectual change},
	author = {Collins, Randall},
	year = {2002},
	date = {2002},
	publisher = {Belknap Press of Harvard Univ. Press},
	edition = {4. print., 1. Harvard Univ. Pr. paperback ed., 2000},
	address = {Cambridge, Mass. London},
	langid = {eng}
}
